<?xml version="1.0" encoding="UTF-8"?><record xmlns="http://www.loc.gov/MARC21/slim" xmlns:cinclude="http://apache.org/cocoon/include/1.0" xmlns:zs="http://www.loc.gov/zing/srw/">
  <leader>01062cz  a2200205n  4500</leader>
  <controlfield tag="001">n  81072712 </controlfield>
  <controlfield tag="003">DLC</controlfield>
  <controlfield tag="005">20020128081656.0</controlfield>
  <controlfield tag="008">810925n| acannaab|          |a aaa      </controlfield>
  <datafield tag="010" ind1=" " ind2=" ">
    <subfield code="a">n  81072712 </subfield>
    <subfield code="z">n 2002024966</subfield>
  </datafield>
  <datafield tag="040" ind1=" " ind2=" ">
    <subfield code="a">DLC</subfield>
    <subfield code="c">DLC</subfield>
    <subfield code="d">Uk</subfield>
    <subfield code="d">DLC</subfield>
  </datafield>
  <datafield tag="100" ind1="1" ind2=" ">
    <subfield code="a">Ankerl, Guy,</subfield>
    <subfield code="d">1933-</subfield>
  </datafield>
  <datafield tag="400" ind1="1" ind2=" ">
    <subfield code="a">Ankerl, Ge패za,</subfield>
    <subfield code="d">1933-</subfield>
  </datafield>
  <datafield tag="400" ind1="1" ind2=" ">
    <subfield code="a">Ankerl, Guy G.,</subfield>
    <subfield code="d">1933-</subfield>
  </datafield>
  <datafield tag="400" ind1="1" ind2=" ">
    <subfield code="a">Ankerl, Guy C.,</subfield>
    <subfield code="d">1933-</subfield>
  </datafield>
  <datafield tag="670" ind1=" " ind2=" ">
    <subfield code="a">His L'e패panouissement de l'homme dans les perspectives de la politique e패conomique, 1965.</subfield>
  </datafield>
  <datafield tag="670" ind1=" " ind2=" ">
    <subfield code="a">His Experimental sociology of architecture, c1981:</subfield>
    <subfield code="b">CIP galley t.p. (Guy Ankerl) CIP data sheet (b. 5-30-33)</subfield>
  </datafield>
  <datafield tag="670" ind1=" " ind2=" ">
    <subfield code="a">His Global communication without universal civilization, 2000-:</subfield>
    <subfield code="b">t.p. (Guy Ankerl)</subfield>
  </datafield>
  <datafield tag="670" ind1=" " ind2=" ">
    <subfield code="a">U.S. copyright file, Jan. 28, 2002</subfield>
    <subfield code="b">(Ankerl, Guy, 1933-; Ankerl, Guy C., 1933- )</subfield>
  </datafield>
  <datafield tag="670" ind1=" " ind2=" ">
    <subfield code="a">Bib nay. de France Web OPAC, Jan. 28, 2002</subfield>
    <subfield code="b">(Ankerl, Guy (1933-....); b. May 30, 1933; variants: Guy C. Ankerl, Ge패za Ankerl, Guy G. Ankerl; economist; professor, MIT (1987); nationality: Swiss; language: French; writes also in English)</subfield>
  </datafield>
</record>